@book{books/12/KMurphy-ML,
  title={Machine Learning: A Probabilistic Perspective},
  xauthor={Murphy, Kevin P},
  author={Murphy, K.},
  year={2012},
  publisher={{MIT} press}
}

@inproceedings{hogenboom2011overview,
  title={An overview of event extraction from text},
  author={Hogenboom, FP and Frasincar, F and Kaymak, U and de Jong, FMG},
  booktitle={conference; ISWC 2011; 2011-10-23; 2011-10-23},
  pages={48--57},
  year={2011},
  organization={CEUR-WS. org}
}

@article{schrodt2009tabari,
  title={Tabari: Textual analysis by augmented replacement instructions},
  author={Schrodt, Philip A},
  journal={Dept. of Political Science, University of Kansas, Blake Hall, Version 0.7. 3B3},
  pages={1--137},
  year={2009}
}

@incollection{boschee2013automatic,
  title={Automatic extraction of events from open source text for predictive forecasting},
  author={Boschee, Elizabeth and Natarajan, Premkumar and Weischedel, Ralph},
  booktitle={Handbook of Computational Approaches to Counterterrorism},
  pages={51--67},
  year={2013},
  publisher={Springer}
}

@inproceedings{leetaru2013gdelt,
  title={GDELT: Global data on events, location, and tone},
  author={Leetaru, Kalev and Schrodt, Philip A},
  booktitle={ISA Annual Convention},
  year={2013},
  organization={Citeseer}
}

@article{schrodt2012cameo,
  title={Cameo: Conflict and mediation event observations event and actor codebook},
  author={Schrodt, Philip A},
  journal={Pennsylvania State University},
  year={2012}
}

@article{boschee2015icews,
  title={ICEWS coded event data},
  author={Boschee, Elizabeth and Lautenschlager, Jennifer and Oâ€™Brien, Sean and Shellman, Steve and Starz, James and Ward, Michael},
  journal={Harvard Dataverse},
  volume={12},
  year={2015}
}

@article{ramshaw2011serif,
  title={Serif language processing effective trainable language understanding},
  author={Ramshaw, Lance and Boschee, Elizabeth and Freedman, Marjorie and MacBride, Jessica and Weischedel, Ralph and Zamanian, Alex},
  journal={Handbook of Natural Language Processing and Machine Translation: DARPA Global Autonomous Language Exploitation},
  pages={636--644},
  year={2011}
}

@article{wang2016growing,
  title={Growing pains for global monitoring of societal events},
  author={Wang, Wei and Kennedy, Ryan and Lazer, David and Ramakrishnan, Naren},
  journal={Science},
  volume={353},
  number={6307},
  pages={1502--1503},
  year={2016},
  publisher={American Association for the Advancement of Science}
}

@article{jaccard,
  title={Similarity measures in scientometric research: The Jaccard index versus Salton's cosine formula.},
  author={Hamers, Lieve and others},
  journal={Information Processing and Management},
  volume={25},
  number={3},
  pages={315--18},
  year={1989},
  publisher={ERIC}
}

@inproceedings{saraf2016embers,
  title={EMBERS autogsr: Automated coding of civil unrest events},
  author={Saraf, Parang and Ramakrishnan, Naren},
  booktitle={Proceedings of the 22nd ACM SIGKDD International Conference on Knowledge Discovery and Data Mining},
  pages={599--608},
  year={2016},
  organization={ACM}
}

@article{platt1999probabilistic,
  title={Probabilistic outputs for support vector machines and comparison to regularized likelihood methods},
  author={PLATT, J},
  journal={Advances in Large Margin Classiers},
  year={1999}
}

@inproceedings{niculescu2005predicting,
  title={Predicting good probabilities with supervised learning},
  author={Niculescu-Mizil, Alexandru and Caruana, Rich},
  booktitle={Proceedings of the 22nd international conference on Machine learning},
  pages={625--632},
  year={2005},
  organization={ACM}
}

@inproceedings{guo2017calibration,
  title={On calibration of modern neural networks},
  author={Guo, Chuan and Pleiss, Geoff and Sun, Yu and Weinberger, Kilian Q},
  booktitle={Proceedings of the 34th International Conference on Machine Learning-Volume 70},
  pages={1321--1330},
  year={2017},
  organization={JMLR. org}
}

@inproceedings{gal2016dropout,
  title={Dropout as a bayesian approximation: Representing model uncertainty in deep learning},
  author={Gal, Yarin and Ghahramani, Zoubin},
  booktitle={international conference on machine learning},
  pages={1050--1059},
  year={2016}
}

@book{williams2006gaussian,
  title={Gaussian processes for machine learning},
  author={Williams, Christopher KI and Rasmussen, Carl Edward},
  volume={2},
  number={3},
  year={2006},
  publisher={MIT press Cambridge, MA}
}

@article{goldstone2010global,
  title={A global model for forecasting political instability},
  author={Goldstone, Jack A and Bates, Robert H and Epstein, David L and Gurr, Ted Robert and Lustik, Michael B and Marshall, Monty G and Ulfelder, Jay and Woodward, Mark},
  journal={American Journal of Political Science},
  volume={54},
  number={1},
  pages={190--208},
  year={2010},
  publisher={Wiley Online Library}
}

@inproceedings{kendall2017uncertainties,
  title={What uncertainties do we need in bayesian deep learning for computer vision?},
  author={Kendall, Alex and Gal, Yarin},
  booktitle={Advances in neural information processing systems},
  pages={5574--5584},
  year={2017}
}

@inproceedings{malinin2018predictive,
  title={Predictive uncertainty estimation via prior networks},
  author={Malinin, Andrey and Gales, Mark},
  booktitle={Advances in Neural Information Processing Systems},
  pages={7047--7058},
  year={2018}
}
@inproceedings{thulasidasan2019combating,
  title={Combating Label Noise in Deep Learning using Abstention},
  author={Thulasidasan, Sunil and Bhattacharya, Tanmoy and Bilmes, Jeff and Chennupati, Gopinath and Mohd-Yusof, Jamal},
  booktitle={International Conference on Machine Learning},
  pages={6234--6243},
  year={2019}
}

@article{gordon1984dempster,
  title={The Dempster-Shafer theory of evidence},
  author={Gordon, Jean and Shortliffe, Edward H},
  journal={Rule-Based Expert Systems: The MYCIN Experiments of the Stanford Heuristic Programming Project},
  volume={3},
  pages={832--838},
  year={1984},
  publisher={Addison-Wesley}
}

@article{bartlett2008classification,
  title={Classification with a reject option using a hinge loss},
  author={Bartlett, Peter L and Wegkamp, Marten H},
  journal={Journal of Machine Learning Research},
  volume={9},
  number={Aug},
  pages={1823--1840},
  year={2008}
}

@inproceedings{sensoy2018evidential,
  title={Evidential deep learning to quantify classification uncertainty},
  author={Sensoy, Murat and Kaplan, Lance and Kandemir, Melih},
  booktitle={Advances in Neural Information Processing Systems},
  pages={3179--3189},
  year={2018}
}
@inproceedings{liu2019deep,
  title={Deep Gamblers: Learning to Abstain with Portfolio Theory},
  author={Liu, Ziyin and Wang, Zhikang and Liang, Paul Pu and Salakhutdinov, Russ R and Morency, Louis-Philippe and Ueda, Masahito},
  booktitle={Advances in Neural Information Processing Systems},
  pages={10622--10632},
  year={2019}
}
@inproceedings{geifman2019selectivenet,
  title={SelectiveNet: A Deep Neural Network with an Integrated Reject Option},
  author={Geifman, Yonatan and El-Yaniv, Ran},
  booktitle={International Conference on Machine Learning},
  pages={2151--2159},
  year={2019}
}
@inproceedings{geifman2017selective,
  title={Selective classification for deep neural networks},
  author={Geifman, Yonatan and El-Yaniv, Ran},
  booktitle={Advances in neural information processing systems},
  pages={4878--4887},
  year={2017}
}

@inproceedings{zhang-etal-2019-mitigating,
    title = "Mitigating Uncertainty in Document Classification",
    author = "Zhang, Xuchao  and
      Chen, Fanglan  and
      Lu, Chang-Tien  and
      Ramakrishnan, Naren",
    booktitle = "Proceedings of the 2019 Conference of the North {A}merican Chapter of the Association for Computational Linguistics: Human Language Technologies, Volume 1 (Long and Short Papers)",
    month = jun,
    year = "2019",
    publisher = "Association for Computational Linguistics"
}

@article{li2011knows,
  title={Knows what it knows: a framework for self-aware learning},
  author={Li, Lihong and Littman, Michael L and Walsh, Thomas J and Strehl, Alexander L},
  journal={Machine learning},
  volume={82},
  number={3},
  pages={399--443},
  year={2011},
  publisher={Springer}
}

@inproceedings{gottschalk2018eventkg,
  title={Eventkg: A multilingual event-centric temporal knowledge graph},
  author={Gottschalk, Simon and Demidova, Elena},
  booktitle={European Semantic Web Conference},
  pages={272--287},
  year={2018},
  organization={Springer}
}

@inproceedings{lin2015learning,
  title={Learning entity and relation embeddings for knowledge graph completion},
  author={Lin, Yankai and Liu, Zhiyuan and Sun, Maosong and Liu, Yang and Zhu, Xuan},
  booktitle={Twenty-ninth AAAI conference on artificial intelligence},
  year={2015}
}
@inproceedings{ji2016knowledge,
  title={Knowledge graph completion with adaptive sparse transfer matrix},
  author={Ji, Guoliang and Liu, Kang and He, Shizhu and Zhao, Jun},
  booktitle={Thirtieth AAAI Conference on Artificial Intelligence},
  year={2016}
}
@inproceedings{xiao2016transg,
  title={TransG: A generative model for knowledge graph embedding},
  author={Xiao, Han and Huang, Minlie and Zhu, Xiaoyan},
  booktitle={Proceedings of the 54th Annual Meeting of the Association for Computational Linguistics (Volume 1: Long Papers)},
  volume={1},
  pages={2316--2325},
  year={2016}
}
@inproceedings{trivedi2017know,
  title={Know-evolve: Deep temporal reasoning for dynamic knowledge graphs},
  author={Trivedi, Rakshit and Dai, Hanjun and Wang, Yichen and Song, Le},
  booktitle={Proceedings of the 34th International Conference on Machine Learning-Volume 70},
  pages={3462--3471},
  year={2017},
  organization={JMLR. org}
}
@inproceedings{minerva,
  title = {Go for a Walk and Arrive at the Answer: Reasoning Over Paths in Knowledge Bases using Reinforcement Learning},
  author = {Das, Rajarshi and Dhuliawala, Shehzaad and Zaheer, Manzil and Vilnis, Luke and Durugkar, Ishan and Krishnamurthy, Akshay and Smola, Alex and McCallum, Andrew},
  booktitle = {ICLR},
  year = 2018
}

 @misc{ wikiKG,
   author = "{Wikipedia contributors}",
   title = "Knowledge Graph",
   url = "https://en.wikipedia.org/wiki/Knowledge_Graph"
 }

@inproceedings{bordes2013translating,
  title={Translating embeddings for modeling multi-relational data},
  author={Bordes, Antoine and Usunier, Nicolas and Garcia-Duran, Alberto and Weston, Jason and Yakhnenko, Oksana},
  booktitle={Advances in neural information processing systems},
  pages={2787--2795},
  year={2013}
}


@article{chakraborty2016hierarchical,
  title={{Hierarchical Quickest Change Detection via Surrogates}},
  author={Chakraborty, Prithwish and Muthiah, Sathappan and Tandon, Ravi and Ramakrishnan, Naren},
  journal={arXiv preprint arXiv:1603.09739},
  year={2016}
}
@inproceedings{kdd:beating-the-news,
  author    = {Naren Ramakrishnan and
               Patrick Butler and
               Sathappan Muthiah and
               Nathan Self and
               others},
  title     = {{`Beating the news' with {EMBERS:} Forecasting Civil Unrest using Open
      Source Indicators}},
  booktitle = {International Conference on Knowledge Discovery
               and Data Mining, {KDD}, August 24 - 27,
               2014},
}
@inproceedings{pp-paper1,
  author    = {Sathappan Muthiah and
               Bert Huang and
               Jaime Arredondo and
               others},
  title     = {{Planned Protest Modeling in News and Social Media}},
  booktitle = {{AAAI} Conference on Artificial Intelligence,
               January 25-30, 2015}
}

@inproceedings{huso,
  author    = {Dipak K Gupta and
               Sathappan Muthiah and
               David Mares and
               Naren Ramakrishnan},
  title     = {{Forecasting Civil Strife: An Emerging Methodology}},
  booktitle = {{HUSO} The Third International Conference on Human and Social Analytics},
  year      = {2017}
}


@article{muthiah2016capturing,
  title={Capturing Planned Protests from Open Source Indicators.},
  author={Muthiah, Sathappan and Huang, Bert and Arredondo, Jaime and Mares, David and Getoor, Lise and Katz, Graham and Ramakrishnan, Naren},
  journal={AI Magazine},
  volume={37},
  number={2},
  year={2016}
}

@inproceedings{Ning:2016:MPE:2939672.2939802,
 author = {Ning, Yue and Muthiah, Sathappan and others},
 title = {Modeling Precursors for Event Forecasting via Nested Multi-Instance Learning},
 booktitle = {Proceedings of the 22Nd ACM SIGKDD International Conference on Knowledge Discovery and Data Mining},
 series = {KDD '16},
 year = {2016}
} 
@article{doyle2014forecasting,
  title={Forecasting significant societal events using the Embers streaming predictive analytics system},
  author={Doyle, Andy and Katz, Graham and others},
  journal={Big Data},
  year={2014},
}

@article{schlachter2015leveraging,
  title={Leveraging topic models to develop metrics for evaluating the quality of narrative threads extracted from news stories},
  author={Schlachter, Jason and Ruvinsky, Alicia and Reynoso, Luis Asencios and Muthiah, Sathappan and Ramakrishnan, Naren},
  journal={Procedia Manufacturing},
  volume={3},
  pages={4028--4035},
  year={2015},
  publisher={Elsevier}
}
@inproceedings{ning2015uncovering,
  title={Uncovering news-twitter reciprocity via interaction patterns},
  author={Ning, Yue and Muthiah, Sathappan and Tandon, Ravi and Ramakrishnan, Naren},
  booktitle={Advances in Social Networks Analysis and Mining (ASONAM), 2015 IEEE/ACM International Conference on},
  pages={1--8},
  year={2015},
  organization={IEEE}
}
@inproceedings{Muthiah:2016:EYE:2939672.2939709,
 author = {Muthiah, Sathappan and Butler, Patrick and others},
 title = {EMBERS at 4 Years: Experiences Operating an Open Source Indicators Forecasting System},
 booktitle = {Proceedings of the 22Nd ACM SIGKDD International Conference on Knowledge Discovery and Data Mining},
 series = {KDD '16},
 year = {2016}
}

@INPROCEEDINGS{deepcas,
author={M. R. {Islam} and S. {Muthiah} and B. {Adhikari} and B. A. {Prakash} and N. {Ramakrishnan}},
booktitle={2018 IEEE International Conference on Data Mining (ICDM)},
title={DeepDiffuse: Predicting the 'Who' and 'When' in Cascades},
year={2018},
month={Nov},}

@inproceedings{ning2018crowds,
  title={When do Crowds turn Violent? Uncovering Triggers from Media},
  author={Ning, Yue and Muthiah, Sathappan and Ramakrishnan, Naren and Rangwala, Huzefa and Mares, David},
  booktitle={2018 IEEE/ACM International Conference on Advances in Social Networks Analysis and Mining (ASONAM)},
  year={2018},
  organization={IEEE}
}

@inproceedings{dyatsIJCAI,
  title     = {DyAt Nets: Dynamic Attention Networks for State Forecasting in Cyber-Physical Systems},
  author    = {Muralidhar, Nikhil and Muthiah, Sathappan and Ramakrishnan, Naren},
  booktitle = {Proceedings of the Twenty-Eighth International Joint Conference on
               Artificial Intelligence, {IJCAI}},
  year      = {2019},
}
@inproceedings{charACME,
  title={{Multivariate Long-Term State Forecastingin Cyber-Physical Systems: A Sequence to Sequence Approach}},
  author={Muralidhar, Nikhil and Muthiah, Sathappan and Ramakrishnan, Naren},
  booktitle={Under Review ACM E-energy},
  year={2019},
}

@inproceedings{rumorSleuth,
  title={{RumorSleuth: Joint Detection of Rumor Veracityand User Stance}},
  author={Islam, Mohammad Raihanul and Muthiah, Sathappan and Ramakrishnan, Naren},
  booktitle={2019 IEEE/ACM International Conference on Advances in Social Networks Analysis and Mining (ASONAM)},
  year={2019},
  organization={IEEE}
}

@inproceedings{rumorRite,
  title={{RITE: Rumor Veracity Identification with User Trust Embedding}},
  author={Islam, Mohammad Raihanul and Muthiah, Sathappan and Ramakrishnan, Naren},
  booktitle={Under Review IJCAI},
  year={2019},
}
@inproceedings{nactSeer,
  title={{NActSeer: Predicting User Actions in Social Network using
Graph Augmented Recurrent Neural Network}},
  author={Islam, Mohammad Raihanul and Muthiah, Sathappan and Ramakrishnan, Naren},
  booktitle={CIKM 2019}
}

@article{nikBigData,
  title={Multivariate Long-Term State Forecasting in Cyber-Physical Systems: A Sequence to Sequence Approach},
  author={Muralidhar, Nikhil and Muthiah, Sathappan and others},
  journal={Big Data},
  _volume={2},
  _number={4},
  _pages={185--195},
  year={2019},
  _publisher={Mary Ann Liebert, Inc. 140 Huguenot Street, 3rd Floor New Rochelle, NY 10801 USA}
}

@article{prottox,
  title={{ProtTox: Toxin identification from Protein Sequences}},
  author={Muthiah, Sathappan and Datta, Debanjan and others},
  journal={Proceedings of the 14th Machine Learning in Computational Biology (MLCB)},
  year={2019}
}

@article{zhao2014unsupervised,
  title={Unsupervised spatial event detection in targeted domains with applications to civil unrest modeling},
  author={Zhao, Liang and Chen, Feng and Dai, Jing and Hua, Ting and Lu, Chang-Tien and Ramakrishnan, Naren},
  journal={PloS one},
  volume={9},
  number={10},
  year={2014},
  publisher={Public Library of Science}
}

@article{gama2014survey,
  title={A survey on concept drift adaptation},
  author={Gama, Jo{\~a}o and {\v{Z}}liobait{\.e}, Indr{\.e} and Bifet, Albert and Pechenizkiy, Mykola and Bouchachia, Abdelhamid},
  journal={ACM computing surveys (CSUR)},
  volume={46},
  number={4},
  pages={1--37},
  year={2014},
  publisher={ACM New York, NY, USA}
}

@article{adams2007bayesian,
  title={Bayesian online changepoint detection},
  author={Adams, Ryan Prescott and MacKay, David JC},
  journal={arXiv preprint arXiv:0710.3742},
  year={2007}
}


@inproceedings{timen,
  author    = {Hector Llorens and
               Leon Derczynski and others},
  title     = {{TIMEN: An Open Temporal Expression Normalisation Resource}},
  booktitle = {International Conference on Language Resources
               and Evaluation, LREC, May 23-25, 2012},
  pages     = {3044--3051},
  year      = {2012},
  _crossref  = {DBLP:conf/lrec/2012},
  url       = {http://www.lrec-conf.org/proceedings/lrec2012/summaries/128.html},
  timestamp = {Thu, 07 Mar 2013 13:06:02 +0100},
  biburl    = {http://dblp.uni-trier.de/rec/bib/conf/lrec/LlorensDGS12},
  bibsource = {dblp computer science bibliography, http://dblp.org}
}

@inproceedings{heideltime,
	author = {Str\"{o}tgen, Jannik and Gertz, Michael},
	title = {{HeidelTime: High Quality Rule-based Extraction and Normalization of Temporal Expressions}},
	booktitle = {International Workshop on Semantic Evaluation},
	series = {SemEval '10},
	year = {2010},
	_location = {Los Angeles, California},
	pages = {321--324},
	numpages = {4},
	url = {http://dl.acm.org/citation.cfm?id=1859664.1859735},
	acmid = {1859735},
	_publisher = {Association for Computational Linguistics},
	_address = {Stroudsburg, PA, USA},
} 

@article{reddy2017universal,
  title={Universal semantic parsing},
  author={Reddy, Siva and T{\"a}ckstr{\"o}m, Oscar and Petrov, Slav and Steedman, Mark and Lapata, Mirella},
  journal={arXiv preprint arXiv:1702.03196},
  year={2017}
}

@inproceedings{predpatt,
  title={Universal decompositional semantics on universal dependencies},
  author={White, Aaron Steven and Reisinger, Drew and Sakaguchi, Keisuke and Vieira, Tim and Zhang, Sheng and Rudinger, Rachel and Rawlins, Kyle and Van Durme, Benjamin},
  booktitle={Proceedings of the 2016 Conference on Empirical Methods in Natural Language Processing},
  pages={1713--1723},
  year={2016}
}

@inproceedings{yang2016hierarchical,
  title={Hierarchical attention networks for document classification},
  author={Yang, Zichao and Yang, Diyi and Dyer, Chris and He, Xiaodong and Smola, Alex and Hovy, Eduard},
  booktitle={Proceedings of the 2016 conference of the North American chapter of the association for computational linguistics: human language technologies},
  pages={1480--1489},
  year={2016}
}

@article{halterman2017mordecai,
  title={Mordecai: Full text geoparsing and event geocoding},
  author={Halterman, Andrew},
  journal={Journal of Open Source Software},
  volume={2},
  number={9},
  pages={91},
  year={2017}
}
